@article{petrov2017problem,
  hyphenation = {russian},
  title={\foreignlanguage{russian}{Задача обнаружения скомпрометированных коммутаторов в SDN сетях}},
  author={\textcyrillic{Петров И.С.}},
  journal={REDS: \foreignlanguage{russian}{Телекоммуникационные устройства и системы}},
  volume={7},
  number={4},
  pages={515--518},
  year={2017},
  publisher={\foreignlanguage{russian}{Российское научно-техническое общество радиотехники, электроники и связи им. А.С. Попова}}
}

@article{petrov2017detection,
  hyphenation = {russian},
  title={\foreignlanguage{russian}{Обнаружение скомпрометированных коммутаторов в SDN сетях}},
  author={\textcyrillic{Петров И.С.} and \textcyrillic{Смелянский Р.Л.}},
  journal={\foreignlanguage{russian}{Ломоносовские чтения. Тезисы докладов научной конференции}},
  pages={82--83},
  year={2017},
  publisher={\foreignlanguage{russian}{ООО <<МАКС Пресс>>}}
}

@article{petrov2018detection,
  hyphenation = {russian},
  title={\foreignlanguage{russian}{Алгоритм обнаружения скомпрометированных коммутаторов в SDN}},
  author={\textcyrillic{Петров И.С.} and \textcyrillic{Смелянский Р.Л.}},
  journal={\foreignlanguage{russian}{Ломоносовские чтения 2018 ф-т ВМК МГУ}},
  pages={98--99},
  year={2018},
  publisher={\foreignlanguage{russian}{ООО <<МАКС Пресс>>}}
}

@article{petrov2018minimizationrus,
  hyphenation = {russian},
  title={\foreignlanguage{russian}{Минимизация группового трафика и обеспечение его отказоустойчивости в программно-конфигурируемых сетях}},
  author={\textcyrillic{Петров И.С.} and \textcyrillic{Смелянский Р.Л.}},
  journal={\foreignlanguage{russian}{Известия Российской академии наук. Теория и системы управления}},
  number={3},
  pages={64--75},
  year={2018},
  publisher={\foreignlanguage{russian}{Федеральное государственное унитарное предприятие Академический научно-издательский, производственно-полиграфический и книгораспространительский центр Наука}}
}

@article{petrov2018minimization,
  title={Minimization of Multicast Traffic and Ensuring Its Fault Tolerance in Software-Defined Networks},
  author={Petrov, IS and Smeliansky, RL},
  journal={Journal of Computer and Systems Sciences International},
  volume={57},
  number={3},
  pages={407--419},
  year={2018},
  publisher={Springer}
}

@inproceedings{petrov2018mathematical,
  title={Mathematical model for predicting forwarding rule counter values in SDN},
  author={Petrov, I},
  booktitle={Young Researchers in Electrical and Electronic Engineering (EIConRus), 2018 IEEE Conference of Russian},
  pages={1313--1317},
  year={2018},
  organization={IEEE}
}

@inproceedings{petrov2018forwarding,
  title={Forwarding Rule Minimization for Network Statistics Analysis in SDN},
  author={Petrov, I and Morgunova, O},
  booktitle={2018 International Scientific and Technical Conference Modern Computer Network Technologies (MoNeTeC)},
  pages={1--6},
  year={2018},
  organization={IEEE}
}

@article{petrov2017maninthemiddle,
  hyphenation = {russian},
  title={\foreignlanguage{russian}{Исследование методов проведения атаки Man-in-the-Middle в программно-конфигурируемых сетях}},
  author={\textcyrillic{Шендяпин А.С.} and \textcyrillic{Петров И.С.}},
  journal={\foreignlanguage{russian}{Программные системы и инструменты. Тематический сборник. Под общей редакцией Р.Л. Смелянского}},
  volume={17},
  pages={73--82},
  year={2017},
  publisher={\foreignlanguage{russian}{Издательский отдел факультета ВМиК МГУ, ООО <<МАКС Пресс>>}}
}

@article{petrov2017control,
  hyphenation = {russian},
  title={\foreignlanguage{russian}{Обеспечение контроля доступа приложений к ресурсам контроллера программно конфигурируемых сетей}},
  author={\textcyrillic{Шемякин Р.О.} and \textcyrillic{Петров И.С.}},
  journal={\foreignlanguage{russian}{Программные системы и инструменты. Тематический сборник. Под общей редакцией Р.Л. Смелянского}},
  volume={17},
  pages={61--72},
  year={2017},
  publisher={\foreignlanguage{russian}{Издательский отдел факультета ВМиК МГУ, ООО <<МАКС Пресс>>}}
}

@article{petrov2018anonymity,
  hyphenation = {russian},
  title={\foreignlanguage{russian}{Обзор средств обеспечения анонимности в SDN}},
  author={\textcyrillic{Петров И.С.} and \textcyrillic{Шендяпин А.С.}},
  journal={\foreignlanguage{russian}{Программные системы и инструменты. Тематический сборник. Под ред. В. В. Балашов, Е. И. Большакова, Д. Ю. Волканов и др.}},
  volume={18},
  pages={78--88},
  year={2018},
  publisher={\foreignlanguage{russian}{МАКС Пресс Москва}}
}

@article{petrov2019survey,
  hyphenation = {russian},
  title={\foreignlanguage{russian}{Системы обнаружения скомпрометированных коммутаторов в программно-конфигурируемых сетях}},
  author={\textcyrillic{Петров И.С.}},
  journal={\foreignlanguage{russian}{Информационные технологии}},
  volume={25},
  number={3},
  pages={131--142},
  year={2019}
}

@article{petrov2019forwardingrus,
  hyphenation = {russian},
  title={\foreignlanguage{russian}{Алгоритм минимизации количества правил маршрутизации в ПКС}},
  author={\textcyrillic{Петров И.С.}},
  journal={\foreignlanguage{russian}{Моделирование и анализ информационных систем}},
  volume={26},
  number={1},
  pages={122--133},
  year={2019}
}

@patent{petrov2018patent,
  author = {\textcyrillic{Петров И.С.} and \textcyrillic{Шалимов А.В.} and \textcyrillic{Смелянский Р.Л.}},
  authorcountry = {RU},
  title = {\textcyrillic{Способ минимизации многоадресного трафика и обеспечение его отказоустойчивости в ПКС сетях}},
  type = {\textcyrillic{Патент}},
  number = {2676239},
  ipc = {\textcyrillic{МПК H04L 12/869 (2013.01)}},
  holder = {\textcyrillic{патентообладатель Некоммерческое партнерство <<Центр прикладных исследований компьютерных сетей>>}},
  requestnumber = {2017122409},
  publicationdate = {26.12.2018},
  publication = {\textcyrillic{Бюл. № 36}},
  prioritydate = {11.09.2017},
  langid = {russian}
}

@article{kreutz2015software,
  title={Software-defined networking: A comprehensive survey},
  author={Kreutz, Diego and Ramos, Fernando MV and Verissimo, Paulo Esteves and Rothenberg, Christian Esteve and Azodolmolky, Siamak and Uhlig, Steve},
  journal={Proceedings of the IEEE},
  volume={103},
  number={1},
  pages={14--76},
  year={2015},
  publisher={Ieee}
}

@article{mckeown2008openflow,
  title={OpenFlow: enabling innovation in campus networks},
  author={McKeown, Nick and Anderson, Tom and Balakrishnan, Hari and Parulkar, Guru and Peterson, Larry and Rexford, Jennifer and Shenker, Scott and Turner, Jonathan},
  journal={ACM SIGCOMM Computer Communication Review},
  volume={38},
  number={2},
  pages={69--74},
  year={2008},
  publisher={ACM}
}

@misc{openflow15,
  title={OpenFlow Switch Specification v1.5.1},
  author={Open Networking Foundation},
  year={2015}
}

@inproceedings{chao2016securing,
  title={Securing data planes in software-defined networks},
  author={Chao, Tzu-Wei and Ke, Yu-Ming and Chen, Bo-Han and Chen, Jhu-Lin and Hsieh, Chen Jung and Lee, Shao-Chuan and Hsiao, Hsu-Chun},
  booktitle={NetSoft Conference and Workshops (NetSoft), 2016 IEEE},
  pages={465--470},
  year={2016},
  organization={IEEE}
}

@inproceedings{kloti2013openflow,
  title={Openflow: A security analysis},
  author={Kloti, Rowan and Kotronis, Vasileios and Smith, Paul},
  booktitle={Network Protocols (ICNP), 2013 21st IEEE International Conference on},
  pages={1--6},
  year={2013},
  organization={IEEE}
}

@article{garcia2014analysis,
  title={Analysis of operating system diversity for intrusion tolerance},
  author={Garcia, Miguel and Bessani, Alysson and Gashi, Ilir and Neves, Nuno and Obelheiro, Rafael},
  journal={Software: Practice and Experience},
  volume={44},
  number={6},
  pages={735--770},
  year={2014},
  publisher={Wiley Online Library}
}

@inproceedings{shin2014rosemary,
  title={Rosemary: A robust, secure, and high-performance network operating system},
  author={Shin, Seungwon and Song, Yongjoo and Lee, Taekyung and Lee, Sangho and Chung, Jaewoong and Porras, Phillip and Yegneswaran, Vinod and Noh, Jiseong and Kang, Brent Byunghoon},
  booktitle={Proceedings of the 2014 ACM SIGSAC conference on computer and communications security},
  pages={78--89},
  year={2014},
  organization={ACM}
}

@inproceedings{hong2015poisoning,
  title={Poisoning Network Visibility in Software-Defined Networks: New Attacks and Countermeasures.},
  author={Hong, Sungmin and Xu, Lei and Wang, Haopei and Gu, Guofei},
  booktitle={NDSS},
  volume={15},
  pages={8--11},
  year={2015}
}

@inproceedings{neti2012software,
  title={Software Diversity: Security, Entropy and Game Theory.},
  author={Neti, Saran and Somayaji, Anil and Locasto, Michael E},
  booktitle={HotSec},
  year={2012}
}

@article{turner2014transport,
  title={Transport layer security},
  author={Turner, Sean},
  journal={IEEE Internet Computing},
  volume={18},
  number={6},
  pages={60--63},
  year={2014},
  publisher={IEEE}
}

@article{myerson2002identifying,
  title={Identifying enterprise network vulnerabilities},
  author={Myerson, Judith M},
  journal={International Journal of Network Management},
  volume={12},
  number={3},
  pages={135--144},
  year={2002},
  publisher={Wiley Online Library}
}

@inproceedings{skaggs2002network,
  title={Network vulnerability analysis},
  author={Skaggs, Blackburn and Blackburn, B and Manes, G and Shenoi, S},
  booktitle={Circuits and Systems, 2002. MWSCAS-2002. The 2002 45th Midwest Symposium on},
  volume={3},
  pages={III--493},
  year={2002},
  organization={IEEE}
}

@article{thimmaraju2016reins,
  title={Reins to the Cloud: Compromising Cloud Systems via the Data Plane},
  author={Thimmaraju, Kashyap and Shastry, Bhargava and Fiebig, Tobias and Hetzelt, Felicitas and Seifert, Jean-Pierre and Feldmann, Anja and Schmid, Stefan},
  journal={arXiv preprint arXiv:1610.08717},
  year={2016}
}

@inproceedings{pfaff2015design,
  title={The Design and Implementation of Open vSwitch.},
  author={Pfaff, Ben and Pettit, Justin and Koponen, Teemu and Jackson, Ethan J and Zhou, Andy and Rajahalme, Jarno and Gross, Jesse and Wang, Alex and Stringer, Joe and Shelar, Pravin and others},
  booktitle={NSDI},
  volume={15},
  pages={117--130},
  year={2015}
}

@book{davie2000mpls,
  title={MPLS: technology and applications},
  author={Davie, Bruce S and Rekhter, Yakov},
  year={2000},
  publisher={Morgan Kaufmann Publishers Inc.}
}

@inproceedings{dhawan2015sphinx,
  title={SPHINX: Detecting Security Attacks in Software-Defined Networks.},
  author={Dhawan, Mohan and Poddar, Rishabh and Mahajan, Kshiteej and Mann, Vijay},
  booktitle={NDSS},
  volume={15},
  pages={8--11},
  year={2015}
}

@inproceedings{jain2013b4,
  title={B4: Experience with a globally-deployed software defined WAN},
  author={Jain, Sushant and Kumar, Alok and Mandal, Subhasree and Ong, Joon and Poutievski, Leon and Singh, Arjun and Venkata, Subbaiah and Wanderer, Jim and Zhou, Junlan and Zhu, Min and others},
  booktitle={ACM SIGCOMM Computer Communication Review},
  volume={43},
  number={4},
  pages={3--14},
  year={2013},
  organization={ACM}
}

@inproceedings{scott2013sdn,
  title={SDN security: A survey},
  author={Scott-Hayward, Sandra and O'Callaghan, Gemma and Sezer, Sakir},
  booktitle={Future Networks and Services (SDN4FNS), 2013 IEEE SDN For},
  pages={1--7},
  year={2013},
  organization={IEEE}
}

@inproceedings{naous2008implementing,
  title={Implementing an OpenFlow switch on the NetFPGA platform},
  author={Naous, Jad and Erickson, David and Covington, G Adam and Appenzeller, Guido and McKeown, Nick},
  booktitle={Proceedings of the 4th ACM/IEEE Symposium on Architectures for Networking and Communications Systems},
  pages={1--9},
  year={2008},
  organization={ACM}
}

@article{mirkovic2004taxonomy,
  title={A taxonomy of DDoS attack and DDoS defense mechanisms},
  author={Mirkovic, Jelena and Reiher, Peter},
  journal={ACM SIGCOMM Computer Communication Review},
  volume={34},
  number={2},
  pages={39--53},
  year={2004},
  publisher={ACM}
}

@incollection{desmedt2011man,
  title={Man-in-the-middle attack},
  author={Desmedt, Yvo},
  booktitle={Encyclopedia of cryptography and security},
  pages={759--759},
  year={2011},
  publisher={Springer}
}

@article{xiao1999internet,
  title={Internet QoS: a big picture},
  author={Xiao, Xipeng and Ni, Lionel M},
  journal={IEEE network},
  volume={13},
  number={2},
  pages={8--18},
  year={1999},
  publisher={IEEE}
}

@techreport{plummer1982ethernet,
  title={Ethernet Address Resolution Protocol: Or converting network protocol addresses to 48. bit Ethernet address for transmission on Ethernet hardware},
  author={Plummer, David},
  year={1982}
}

@article{congdon2002link,
  title={Link layer discovery protocol},
  author={Congdon, Paul},
  journal={RFC},
  volume={2002},
  year={2002}
}

@techreport{hornig1984standard,
  title={A standard for the transmission of IP datagrams over ethernet networks},
  author={Hornig, Charles},
  year={1984}
}

@inproceedings{dixit2013towards,
  title={Towards an elastic distributed SDN controller},
  author={Dixit, Advait and Hao, Fang and Mukherjee, Sarit and Lakshman, TV and Kompella, Ramana},
  booktitle={ACM SIGCOMM computer communication review},
  volume={43},
  number={4},
  pages={7--12},
  year={2013},
  organization={ACM}
}

@inproceedings{kim2015band,
  title={In-band network telemetry via programmable dataplanes},
  author={Kim, Changhoon and Sivaraman, Anirudh and Katta, Naga and Bas, Antonin and Dixit, Advait and Wobker, Lawrence J},
  booktitle={ACM SIGCOMM},
  year={2015}
}

@inproceedings{wang2018towards,
  title={Towards Fine-grained Network Security Forensics and Diagnosis in the SDN Era},
  author={Wang, Haopei and Yang, Guangliang and Chinprutthiwong, Phakpoom and Xu, Lei and Zhang, Yangyong and Gu, Guofei},
  booktitle={Proceedings of the 2018 ACM SIGSAC Conference on Computer and Communications Security},
  pages={3--16},
  year={2018},
  organization={ACM}
}

@techreport{axelsson2000intrusion,
  title={Intrusion detection systems: A survey and taxonomy},
  author={Axelsson, Stefan},
  year={2000},
  institution={Technical report}
}

@inproceedings{zeng2012automatic,
  title={Automatic test packet generation},
  author={Zeng, Hongyi and Kazemian, Peyman and Varghese, George and McKeown, Nick},
  booktitle={Proceedings of the 8th international conference on Emerging networking experiments and technologies},
  pages={241--252},
  year={2012},
  organization={ACM}
}

@book{cormen2009introduction,
  title={Introduction to algorithms},
  author={Cormen, Thomas H and Leiserson, Charles E and Rivest, Ronald L and Stein, Clifford},
  year={2009},
  publisher={MIT press}
}

@inproceedings{pang2016fade,
  title={FADE: Detecting forwarding anomaly in software-defined networks},
  author={Pang, Chunhui and Jiang, Yong and Li, Qi},
  booktitle={Communications (ICC), 2016 IEEE International Conference on},
  pages={1--6},
  year={2016},
  organization={IEEE}
}

@article{thaler2013ieee,
  title={IEEE 802.1 Q},
  author={Thaler, Patricia and Finn, Norman and Fedyk, Don and Parsons, Glenn and Gray, Eric},
  year={2013}
}

@inproceedings{kamisinski2015flowmon,
  title={Flowmon: Detecting malicious switches in software-defined networks},
  author={Kamisi{\'n}ski, Andrzej and Fung, Carol},
  booktitle={Proceedings of the 2015 Workshop on Automated Decision Making for Active Cyber Defense},
  pages={39--45},
  year={2015},
  organization={ACM}
}

@inproceedings{chi2015detect,
  title={How to detect a compromised sdn switch},
  author={Chi, Po-Wen and Kuo, Chien-Ting and Guo, Jing-Wei and Lei, Chin-Laung},
  booktitle={Network Softwarization (NetSoft), 2015 1st IEEE Conference on},
  pages={1--6},
  year={2015},
  organization={IEEE}
}

@article{dilworth1950decomposition,
  title={A decomposition theorem for partially ordered sets},
  author={Dilworth, Robert P},
  journal={Annals of Mathematics},
  pages={161--166},
  year={1950},
  publisher={JSTOR}
}

@article{hopcroft1973n,
  title={An n\^{}5/2 algorithm for maximum matchings in bipartite graphs},
  author={Hopcroft, John E and Karp, Richard M},
  journal={SIAM Journal on computing},
  volume={2},
  number={4},
  pages={225--231},
  year={1973},
  publisher={SIAM}
}

@inproceedings{mohammadi2016detecting,
  title={Detecting malicious packet drops and misroutings using Header Space Analysis},
  author={Mohammadi, Amir Ahmad and Kazemian, Peyman and Pakravan, Mohammad Reza},
  booktitle={Telecommunications (IST), 2016 8th International Symposium on},
  pages={521--526},
  year={2016},
  organization={IEEE}
}

@article{duffield2001trajectory,
  title={Trajectory sampling for direct traffic observation},
  author={Duffield, Nick G and Grossglauser, Matthias},
  journal={IEEE/ACM Transactions on Networking (ToN)},
  volume={9},
  number={3},
  pages={280--292},
  year={2001},
  publisher={IEEE Press}
}

@inproceedings{kazemian2012header,
  title={Header Space Analysis: Static Checking for Networks.},
  author={Kazemian, Peyman and Varghese, George and McKeown, Nick},
  booktitle={NSDI},
  volume={12},
  pages={113--126},
  year={2012}
}

@inproceedings{chiu2017rapid,
  title={Rapid detection of disobedient forwarding on compromised OpenFlow switches},
  author={Chiu, Yen-Chun and Lin, Po-Ching},
  booktitle={Computing, Networking and Communications (ICNC), 2017 International Conference on},
  pages={672--677},
  year={2017},
  organization={IEEE}
}

@book{garey2002computers,
  title={Computers and intractability},
  author={Garey, Michael R and Johnson, David S},
  volume={29},
  year={2002},
  publisher={wh freeman New York}
}

@inproceedings{shaghaghi2017wedgetail,
  title={Wedgetail: An intrusion prevention system for the data plane of software defined networks},
  author={Shaghaghi, Arash and Kaafar, Mohamed Ali and Jha, Sanjay},
  booktitle={Proceedings of the 2017 ACM on Asia Conference on Computer and Communications Security},
  pages={849--861},
  year={2017},
  organization={ACM}
}

@inproceedings{handigol2014know,
  title={I Know What Your Packet Did Last Hop: Using Packet Histories to Troubleshoot Networks.},
  author={Handigol, Nikhil and Heller, Brandon and Jeyakumar, Vimalkumar and Mazi{\`e}res, David and McKeown, Nick},
  booktitle={NSDI},
  volume={14},
  pages={71--85},
  year={2014}
}

@article{li2018dynamic,
  title={Dynamic Packet Forwarding Verification in SDN},
  author={Li, Qi and Zou, Xiaoyue and Huang, Qun and Zheng, Jing and Lee, Patrick PC},
  journal={IEEE Transactions on Dependable and Secure Computing},
  year={2018},
  publisher={IEEE}
}

@book{tanenbaum1996computer,
  title={Computer networks},
  author={Tanenbaum, Andrew S and Wetherall, David},
  year={1996},
  publisher={Prentice hall}
}

@inproceedings{gutz2012splendid,
  title={Splendid isolation: A slice abstraction for software-defined networks},
  author={Gutz, Stephen and Story, Alec and Schlesinger, Cole and Foster, Nate},
  booktitle={Proceedings of the first workshop on Hot topics in software defined networks},
  pages={79--84},
  year={2012},
  organization={ACM}
}

@inproceedings{khurshid2012veriflow,
  title={Veriflow: Verifying network-wide invariants in real time},
  author={Khurshid, Ahmed and Zhou, Wenxuan and Caesar, Matthew and Godfrey, P},
  booktitle={Proceedings of the first workshop on Hot topics in software defined networks},
  pages={49--54},
  year={2012},
  organization={ACM}
}

@article{zakharov2014formal,
  title={A formal model and verification problems for software defined networks},
  author={Zakharov, Vladimir A and Smelyansky, RL and Chemeritsky, Eugene V},
  journal={Automatic Control and Computer Sciences},
  volume={48},
  number={7},
  pages={398--406},
  year={2014},
  publisher={Springer}
}

@article{yang2016real,
  title={Real-time verification of network properties using atomic predicates},
  author={Yang, Hongkun and Lam, Simon S},
  journal={IEEE/ACM Transactions on Networking},
  volume={24},
  number={2},
  pages={887--900},
  year={2016},
  publisher={IEEE}
}

@inproceedings{kazemian2013real,
  title={Real Time Network Policy Checking Using Header Space Analysis.},
  author={Kazemian, Peyman and Chan, Michael and Zeng, Hongyi and Varghese, George and McKeown, Nick and Whyte, Scott},
  booktitle={NSDI},
  pages={99--111},
  year={2013}
}

@article{tseng2002broadcast,
  title={The broadcast storm problem in a mobile ad hoc network},
  author={Tseng, Yu-Chee and Ni, Sze-Yao and Chen, Yuh-Shyan and Sheu, Jang-Ping},
  journal={Wireless networks},
  volume={8},
  number={2-3},
  pages={153--167},
  year={2002},
  publisher={Springer}
}

@book{ford2015flows,
  title={Flows in networks},
  author={Ford Jr, Lester Randolph and Fulkerson, Delbert Ray},
  year={2015},
  publisher={Princeton university press}
}

@article{akyildiz2014roadmap,
  title={A roadmap for traffic engineering in SDN-OpenFlow networks},
  author={Akyildiz, Ian F and Lee, Ahyoung and Wang, Pu and Luo, Min and Chou, Wu},
  journal={Computer Networks},
  volume={71},
  pages={1--30},
  year={2014},
  publisher={Elsevier}
}

@inproceedings{tootoonchian2010opentm,
  title={OpenTM: traffic matrix estimator for OpenFlow networks},
  author={Tootoonchian, Amin and Ghobadi, Monia and Ganjali, Yashar},
  booktitle={International Conference on Passive and Active Network Measurement},
  pages={201--210},
  year={2010},
  organization={Springer}
}

@book{jech2013set,
  title={Set theory},
  author={Jech, Thomas},
  year={2013},
  publisher={Springer Science \& Business Media}
}

@inproceedings{hengartner2002detection,
  title={Detection and analysis of routing loops in packet traces},
  author={Hengartner, Urs and Moon, Sue and Mortier, Richard and Diot, Christophe},
  booktitle={Proceedings of the 2nd ACM SIGCOMM Workshop on Internet measurment},
  pages={107--112},
  year={2002},
  organization={ACM}
}

@book{stroustrup2000c++,
  title={The C++ programming language},
  author={Stroustrup, Bjarne},
  year={2000},
  publisher={Pearson Education India}
}

@book{van2011python,
  title={The python language reference manual},
  author={Van Rossum, Guido and Drake, Fred L},
  year={2011},
  publisher={Network Theory Ltd.}
}

@inproceedings{vidal2014libfluid,
  title={The libfluid OpenFlow driver implementation},
  author={Vidal, Allan and Rothenberg, Christian Esteve and Verdi, F{\'a}bio Luciano},
  booktitle={Proceedings of SBRC},
  year={2014}
}

@article{sarnak1986persistent,
  title={Persistent data structures},
  author={Sarnak, Neil Ivor},
  year={1986},
  publisher={New York University}
}

@inproceedings{lantz2010network,
  title={A network in a laptop: rapid prototyping for software-defined networks},
  author={Lantz, Bob and Heller, Brandon and McKeown, Nick},
  booktitle={Proceedings of the 9th ACM SIGCOMM Workshop on Hot Topics in Networks},
  pages={19},
  year={2010},
  organization={ACM}
}

@article{knight2011internet,
  title={The internet topology zoo},
  author={Knight, Simon and Nguyen, Hung X and Falkner, Nick and Bowden, Rhys and Roughan, Matthew},
  journal={IEEE Journal on Selected Areas in Communications},
  volume={29},
  number={9},
  pages={1765--1775},
  year={2011},
  publisher={IEEE}
}

@inproceedings{durumeric2014matter,
  title={The matter of heartbleed},
  author={Durumeric, Zakir and Li, Frank and Kasten, James and Amann, Johanna and Beekman, Jethro and Payer, Mathias and Weaver, Nicolas and Adrian, David and Paxson, Vern and Bailey, Michael and others},
  booktitle={Proceedings of the 2014 conference on internet measurement conference},
  pages={475--488},
  year={2014},
  organization={ACM}
}

@techreport{sheffer2015summarizing,
  title={Summarizing known attacks on transport layer security (TLS) and datagram TLS (DTLS)},
  author={Sheffer, Yaron and Holz, Ralph and Saint-Andre, Peter},
  year={2015}
}

@article{meyer2013lessons,
  title={Lessons Learned From Previous SSL/TLS Attacks-A Brief Chronology Of Attacks And Weaknesses.},
  author={Meyer, Christopher and Schwenk, J{\"o}rg},
  journal={IACR Cryptology ePrint Archive},
  volume={2013},
  pages={49},
  year={2013}
}

@inproceedings{al2008scalable,
  title={A scalable, commodity data center network architecture},
  author={Al-Fares, Mohammad and Loukissas, Alexander and Vahdat, Amin},
  booktitle={ACM SIGCOMM Computer Communication Review},
  volume={38},
  number={4},
  pages={63--74},
  year={2008},
  organization={ACM}
}

@inproceedings{saino2013toolchain,
  title={A toolchain for simplifying network simulation setup},
  author={Saino, Lorenzo and Cocora, Cosmin and Pavlou, George},
  booktitle={Proceedings of the 6th International ICST Conference on Simulation Tools and Techniques},
  pages={82--91},
  year={2013},
  organization={ICST (Institute for Computer Sciences, Social-Informatics and~…}
}

@inproceedings{shalimov2015runos,
  title={The Runos OpenFlow Controller},
  author={Shalimov, Alexander and Nizovtsev, Sergey and Morkovnik, Danila and Smeliansky, Ruslan},
  booktitle={Software Defined Networks (EWSDN), 2015 Fourth European Workshop on},
  pages={103--104},
  year={2015},
  organization={IEEE}
}

@book{diestel2018graph,
  title={Graph theory},
  author={Diestel, Reinhard},
  year={2018},
  publisher={Springer Publishing Company, Incorporated}
}

@inproceedings{chowdhury2014payless,
  title={Payless: A low cost network monitoring framework for software defined networks},
  author={Chowdhury, Shihabur Rahman and Bari, Md Faizul and Ahmed, Reaz and Boutaba, Raouf},
  booktitle={Network Operations and Management Symposium (NOMS), 2014 IEEE},
  pages={1--9},
  year={2014},
  organization={IEEE}
}
